<collection xmlns="http://www.loc.gov/MARC21/slim">
<record>
  <leader>01027nam0a22002171i 450 </leader>
  <controlfield tag="001">IT\ICCU\CNCE\074001</controlfield>
  <controlfield tag="005">20090526000000.0</controlfield>
  <datafield tag="012" ind1=" " ind2=" ">
    <subfield code="a">pous eris peis Cola (C) 1520 (Q)</subfield>
    <subfield code="2">fei</subfield>
  </datafield>
  <datafield tag="100" ind1=" " ind2=" ">
    <subfield code="a">20090525f1520        0itac0103    ba</subfield>
  </datafield>
  <datafield tag="101" ind1=" " ind2=" ">
    <subfield code="a">LAT</subfield>
  </datafield>
  <datafield tag="102" ind1=" " ind2=" ">
    <subfield code="a">IT</subfield>
  </datafield>
  <datafield tag="200" ind1="1" ind2=" ">
    <subfield code="a">Bulla Leonis pape 10. contra homicidias &amp; quoscumque alios capitali pena dannatos, brigosos, ius sibi propria auctoritate dicentes, caualcatas facientes, pacis &amp; tregue fractores eorumque auxiliatores ... &amp; eos non capientes in ipsorum penis &amp; constitutionum Pii 2. Sixti 4. &amp; Iulii 2. predecessorum suorum insectione &amp; appobatione</subfield>
  </datafield>
  <datafield tag="210" ind1=" " ind2=" ">
    <subfield code="d">\1520?!</subfield>
  </datafield>
  <datafield tag="215" ind1=" " ind2=" ">
    <subfield code="a">\6! c.</subfield>
    <subfield code="d">4ʻ</subfield>
  </datafield>
  <datafield tag="300" ind1=" " ind2=" ">
    <subfield code="a">Data d&apos;emanazione: 23.1.1520. - Stampata presumibilmente a Roma</subfield>
  </datafield>
  <datafield tag="620" ind1=" " ind2=" ">
    <subfield code="a">IT</subfield>
    <subfield code="d">Roma</subfield>
  </datafield>
  <datafield tag="700" ind1=" " ind2="0">
    <subfield code="a">Leo</subfield>
    <subfield code="c"> &lt;papa</subfield>
    <subfield code="c"> ; 10.&gt;</subfield>
    <subfield code="3">IT\ICCU\CNCA\003148</subfield>
  </datafield>
  <datafield tag="712" ind1="0" ind2="2">
    <subfield code="a">s.n.</subfield>
    <subfield code="3">IT\ICCU\CNCT\000002</subfield>
    <subfield code="4">650</subfield>
  </datafield>
  <datafield tag="790" ind1=" " ind2="1">
    <subfield code="a">Medici,</subfield>
    <subfield code="b">Giovanni : de&apos;</subfield>
    <subfield code="3">IT\ICCU\CNCA\014500</subfield>
    <subfield code="z">Leo &lt;papa ; 10.&gt;</subfield>
  </datafield>
  <datafield tag="801" ind1=" " ind2="3">
    <subfield code="a">IT</subfield>
    <subfield code="b">ICCU</subfield>
    <subfield code="c">20201115</subfield>
  </datafield>
  <datafield tag="899" ind1=" " ind2=" ">
    <subfield code="a">Biblioteca nazionale centrale. Firenze</subfield>
    <subfield code="1">FI0098</subfield>
    <subfield code="2">CFI CF</subfield>
  </datafield>
</record>
</collection>
